@book{hartshorne,
  author = {Robin Hartshorne},
  year = {1977},
  title = {Algebraic Geometry},
  publisher = {Springer}
}


@article{witten,
    author = "Witten, Edward",
    title = "{Two-dimensional gravity and intersection theory on moduli space}",
    doi = "10.4310/SDG.1990.v1.n1.a5",
    journal = "Surveys Diff. Geom.",
    volume = "1",
    pages = "243--310",
    year = "1991"
}


@InProceedings{fantechi,
author="Fantechi, Barbara",
editor="Casacuberta, Carles
and Mir{\'o}-Roig, Rosa Maria
and Verdera, Joan
and Xamb{\'o}-Descamps, Sebasti{\`a}",
title="Stacks for Everybody",
booktitle="European Congress of Mathematics",
year="2001",
publisher="Birkh{\"a}user Basel",
address="Basel",
pages="349--359",
abstract="Let G be a category with a Grothendieck topology. A stack over G is a category fibered in groupoids over G, such that isomorphisms form a sheaf and every descent datum is effective. If G is the category of schemes with the {\'e}tale topology, a stack is algebraic in the sense of Deligne-Mumford (respectively Artin) if it has an {\'e}tale (resp. smooth) presentation.",
isbn="978-3-0348-8268-2"
}

@article{kontsevich-manin,
  title={Gromov-Witten classes, quantum cohomology, and enumerative geometry},
  author={Maxim Kontsevich and Yuri Manin},
  journal =      "Communications in Mathematical Physics",
  volume =       "164",
  pages =        "525-562",
  year =         "1994",
  DOI =          "https://doi.org/10.1007/BF02101490"
}
